@article{genetic,
	author = {Miasnikov, Alexei D.},
	title = {Genetic algorithms and the Andrews-Curtis conjecture},
	year = {2003},
	journal = {arXiv preprint math/0304306}
}

@article{Akbulut-Kirby,
	author = {Akbulut, Selman and Kirby, Robion},
	title = {A potential smooth counterexample in dimension 4 to the Poincare conjecture, the Schoenflies conjecture, and the Andrews-Curtis conjecture},
	year = {1985},
	journal = {Topology},
	volume = {24},
	number = {4},
	pages = {375-390}
}

@article{Andrews-Curtis,
	author = {Andrews, James J. and Curtis, Morton L.},
	title = {Free groups and handlebodies},
	year = {1965},
	journal = {Proceedings of the American Mathematical Society},
	volume = {16},
	number = {2},
	pages = {192-195}
}

@article{decidability,
	author = {Gadgil, Siddhartha},
	title = {On the Andrews-Curtis conjecture and algorithms from topology},
	year = {2001},
	journal = {arXiv preprint math/0108053}
}

@misc{bfs-ac,
	author = {Havas, George and Ramsay, Colin},
	title = {Breadth-first search and Andrews-Curtis conjecture}
}

@misc{Miller-Schupp,
	author = {Miller, Charles and Schupp, Paul},
	title = {Some presentations of the trivial group},
	year = {1999},
	howpublished = {10.1090/conm/250/03848}
}

@article{MMS,
	author = {Myasnikov, Alexei D. and Myasnikov, Alexei G. and Shpilrain, Vladimir},
	title = {On the Andrews-Curtis equivalence},
	year = {2002},
	journal = {Contemporary Mathematics},
	volume = {296},
	pages = {183-198}
}

@article{morse,
	author = {Fernandez, Ximena},
	title = {Morse theory for group presentations},
	year = {2019},
	journal = {arXiv preprint arXiv:1912.00115}
}

@article{Brown,
	author = {Brown, Ronald},
	title = {Coproducts of crossed P-modules: Applications to second homotopy groups and to the homology of groups},
	year = {1984},
	journal = {Topology},
	volume = {23},
	issue = {3},
	pages = {337-345},
	doi = {10.1016/0040-9383(84)90016-8},
	url = {https://www.sciencedirect.com/science/article/pii/0040938384900168}
}

@article{Panteleev-Ushakov,
	author = {Panteleev, Dmitry and Ushakov, Alexander},
	title = {Conjugacy search problem and the Andrews-Curtis conjecture},
	year = {2019},
	journal = {Groups Complexity Cryptology},
	volume = {11},
	number = {1},
	pages = {43-60}
}

@article{Bridson,
	author = {Bridson, Martin R.},
	title = {The complexity of balanced presentations and the Andrews-Curtis conjecture},
	year = {2015},
	journal = {arXiv preprint arXiv:1504.04187}
}

@article{Lishak,
	author = {Lishak, Boris},
	title = {Balanced finite presentations of the trivial group},
	year = {2017},
	journal = {Journal of Topology and Analysis},
	volume = {9},
	number = {02},
	pages = {363-378}
}

@article{Bowman-McCaul,
	author = {Bowman, R. Sean and McCaul, Stephen B.},
	title = {Fast searching for Andrews-Curtis trivializations},
	year = {2006},
	journal = {Experimental Mathematics},
	volume = {15},
	number = {2},
	pages = {193-197}
}

@article{Borovik,
	author = {Borovik, Alexandre V. and Lubotzky, Alexander and Myasnikov, Alexei G.},
	title = {The finitary Andrews-Curtis conjecture},
	year = {2005},
	journal = {Infinite groups: geometric, combinatorial and dynamical aspects},
	pages = {15-30}
}

@article{Guyot,
	author = {Guyot, Luc},
	title = {On Andrews-Curtis conjectures for soluble groups},
	year = {2018},
	journal = {International Journal of Algebra and Computation},
	volume = {28},
	number = {01},
	pages = {97-113}
}

@article{BurnsI,
	author = {Burns, Robert G. and Macedonska, Olga},
	title = {Balanced Presentations of the Trivial Group},
	year = {1993},
	journal = {Bulletin of the London Mathematical Society},
	volume = {25},
	pages = {513-526}
}

@article{BurnsII,
	author = {Burns, R. and Herfort, W. and Kam, S. and Macedonska, O. and Zalesskii, P.},
	title = {Recalcitrance in groups},
	year = {1999},
	journal = {Bulletin of the Australian Mathematical Society},
	volume = {60},
	number = {2},
	pages = {245-251},
	doi = {10.1017/S0004972700036388}
}

@article{wattenberg2016how,
  author = {Wattenberg, Martin and Viegas, Fernanda and Johnson, Ian},
  title = {How to Use t-SNE Effectively},
  journal = {Distill},
  year = {2016},
  url = {http://distill.pub/2016/misread-tsne},
  doi = {10.23915/distill.00002}
}


@article{JMLR:v9:vandermaaten08a,
  author  = {Laurens van der Maaten and Geoffrey Hinton},
  title   = {Visualizing Data using t-SNE},
  journal = {Journal of Machine Learning Research},
  year    = {2008},
  volume  = {9},
  number  = {86},
  pages   = {2579--2605},
  url     = {http://jmlr.org/papers/v9/vandermaaten08a.html}
}